<record><leader>00000cas a2200000 a 4500</leader><controlfield tag="001">39487150</controlfield><controlfield tag="008">980715d199620uudcuwr ne      0    0spa c</controlfield><datafield ind1=" " ind2=" " tag="010"><subfield code="a">sn 00063143 </subfield></datafield><datafield ind1=" " ind2=" " tag="040"><subfield code="a">SJD</subfield><subfield code="b">eng</subfield><subfield code="c">SJD</subfield><subfield code="d">NYS</subfield><subfield code="d">DLC</subfield><subfield code="d">NYS</subfield><subfield code="d">NSD</subfield><subfield code="d">DLC</subfield><subfield code="d">OCLCQ</subfield><subfield code="d">OCLCF</subfield><subfield code="d">OCLCO</subfield></datafield><datafield ind1="1" ind2=" " tag="029"><subfield code="a">AU@</subfield><subfield code="b">000021576375</subfield></datafield><datafield ind1=" " ind2=" " tag="032"><subfield code="a">015894</subfield><subfield code="b">USPS</subfield></datafield><datafield ind1=" " ind2=" " tag="037"><subfield code="b">3600 New York Avenue, Washington, DC 20002</subfield></datafield><datafield ind1=" " ind2=" " tag="042"><subfield code="a">pcc</subfield></datafield><datafield ind1=" " ind2=" " tag="043"><subfield code="a">n-us-dc</subfield></datafield><datafield ind1="0" ind2="0" tag="050"><subfield code="a">Newspaper</subfield></datafield><datafield ind1="0" ind2=" " tag="130"><subfield code="a">Tiempos del mundo (Washington, D.C.)</subfield></datafield><datafield ind1="1" ind2="0" tag="245"><subfield code="a">Tiempos del mundo.</subfield></datafield><datafield ind1=" " ind2=" " tag="260"><subfield code="a">Washington, D.C. :</subfield><subfield code="b">Tiempos, U.S.A. Corp,</subfield><subfield code="c">[1996]-</subfield></datafield><datafield ind1=" " ind2=" " tag="300"><subfield code="a">v. :</subfield><subfield code="b">ill. (some col.) ;</subfield><subfield code="c">36-43 cm.</subfield></datafield><datafield ind1=" " ind2=" " tag="310"><subfield code="a">Weekly</subfield></datafield><datafield ind1="1" ind2=" " tag="362"><subfield code="a">Began in 1996?</subfield></datafield><datafield ind1="1" ind2=" " tag="362"><subfield code="a">Ceased publication.</subfield></datafield><datafield ind1=" " ind2=" " tag="515"><subfield code="a">Numbering begins each year with no. 1.</subfield></datafield><datafield ind1=" " ind2=" " tag="515"><subfield code="a">Issues for &lt;Jan. 20/26, 2000-Sept. 30/Oct. 6, 2004&gt; also called &lt;whole no. 166-whole no. 410&gt;</subfield></datafield><datafield ind1=" " ind2=" " tag="530"><subfield code="a">Also issued on microfilm from the Library of Congress, Photoduplication Service.</subfield></datafield><datafield ind1=" " ind2=" " tag="530"><subfield code="a">Also issued in a web version.</subfield></datafield><datafield ind1=" " ind2=" " tag="546"><subfield code="a">In Spanish.</subfield></datafield><datafield ind1=" " ind2=" " tag="580"><subfield code="a">Merged with: Tiempos del mundo (New York, N.Y.) and print eds. published simultaneously in Argentina, Bolivia, Chile, Colombia, Costa Rica, R. Dominicana, Ecuador, Guatemala, Honduras, Me&#769;xico, Nicaragua, Panama&#769;, Paraguay, Peru&#769;, Uruguay, and Venezuela to form: Tiempos del mundo (Ed. hemispherica).</subfield></datafield><datafield ind1=" " ind2=" " tag="588"><subfield code="a">Description based on: An&#771;o 5, no. 47 (23-30 nov. del 2000).</subfield></datafield><datafield ind1=" " ind2=" " tag="588"><subfield code="a">Latest issue consulted: An&#771;o 7, no. 40 (30 de sept./6 de oct. de 2004).</subfield></datafield><datafield ind1=" " ind2=" " tag="588"><subfield code="a">Latest issue consulted: A. 6, no. 21 (24-31 May 2001) = 236.</subfield></datafield><datafield ind1=" " ind2="0" tag="650"><subfield code="a">Latin Americans</subfield><subfield code="z">United States</subfield><subfield code="v">Newspapers.</subfield></datafield><datafield ind1=" " ind2="0" tag="650"><subfield code="a">Hispanic Americans</subfield><subfield code="v">Newspapers.</subfield></datafield><datafield ind1=" " ind2="0" tag="651"><subfield code="a">Washington (D.C.)</subfield><subfield code="v">Newspapers.</subfield></datafield><datafield ind1=" " ind2="7" tag="655"><subfield code="a">Newspapers.</subfield><subfield code="2">fast</subfield><subfield code="0">(OCoLC)fst01423814</subfield></datafield><datafield ind1=" " ind2="7" tag="650"><subfield code="a">Hispanic Americans.</subfield><subfield code="2">fast</subfield><subfield code="0">(OCoLC)fst00957523</subfield></datafield><datafield ind1=" " ind2="7" tag="650"><subfield code="a">Latin Americans.</subfield><subfield code="2">fast</subfield><subfield code="0">(OCoLC)fst00993069</subfield></datafield><datafield ind1=" " ind2="7" tag="651"><subfield code="a">United States.</subfield><subfield code="2">fast</subfield><subfield code="0">(OCoLC)fst01204155</subfield></datafield><datafield ind1=" " ind2="7" tag="651"><subfield code="a">Washington (D.C.)</subfield><subfield code="2">fast</subfield><subfield code="0">(OCoLC)fst01204505</subfield></datafield><datafield ind1=" " ind2=" " tag="752"><subfield code="a">United States</subfield><subfield code="b">District of Columbia</subfield><subfield code="d">Washington.</subfield></datafield><datafield ind1="1" ind2="7" tag="785"><subfield code="t">Tiempos del mundo (New York, N.Y.)</subfield><subfield code="w">(DLC)sn 00063144</subfield><subfield code="w">(OCoLC)44170486</subfield></datafield><datafield ind1="1" ind2="7" tag="785"><subfield code="t">Tiempos del mundo (Ed. hemisfe&#769;rica)</subfield><subfield code="x">1932-5290</subfield><subfield code="w">(DLC)  2006214894</subfield><subfield code="w">(OCoLC)70291297</subfield></datafield><datafield ind1="4" ind2="1" tag="856"><subfield code="u">http://www.tdm.com/washington</subfield></datafield></record>